@article{01test,
  author =       "Georg A. Gottwald and Ian Melbourne",
  title =        "A new test for chaos in deterministic systems",
  journal =      "Proceedings of the Royal Society of London. Series A: Mathematical, Physical and Engineering Sciences",
  volume =       "460",
  pages =        "603--611",
  year =         "2002"
}

@article{attractors,
  author =       "Celso Grebogi and Edward Ott and Steven Pelikan and James A. Yorke",
  title =        "Strange attractors that are not chaotic",
  journal =      "Physica D: Nonlinear Phenomena",
  volume =       "13",
  pages =        "261--268",
  year =         "1984"
}

@article{intrinsic,
  author =       "Johannes Werner  and Tobias Pietsch  and Frank M. Hilker  and Hartmut Arndt",
  title =        "Intrinsic nonlinear dynamics drive single-species systems",
  journal =      "Proceedings of the National Academy of Sciences",
  volume =       "119",
  year =         "2022"
}

@article{lyapfrac,
  author =       "Li, Hang and Shen, Yongjun and Han, Yanjun and Dong, Jinlu and Li, Jian",
  title =        "Determining Lyapunov exponents of fractional-order systems: A general method based on memory principle",
  journal =      "Chaos, Solitons \& Fractals",
  volume =       "168",
  pages =        "113--167",
  year =         "2023"
}

@book{strogatz,
  author =       "Strogatz, Steven H.",
  title =        "Nonlinear Dynamics and Chaos: With Applications to Physics, Biology, Chemistry and Engineering",
  publisher =    "Westview Press",
  year =         "2000"
}

@book{symetry,
  author =       "Field, Mike and Golubitsky, Martin",
  title =        "Symmetry in Chaos: A Search for Pattern in Mathematics, Art and Nature",
  publisher =    "Oxford University Press",
  year =         "1995"
}